@inproceedings{zhang2020elevated,
  title={Elevated Road Network: A Metric Learning Method for Recognizing Whether a Vehicle is on an Elevated Road},
  author={Zhang, Xiaobing and Xu, Hailiang and Yang, Jian and Sun, Jia and Chen, Fan and Li, Leiyun},
  booktitle={Proceedings of the 29th ACM International Conference on Information \& Knowledge Management},
  pages={2925--2932},
  year={2020}
}
@inproceedings{kikuchi2014occluded,
  title={Occluded side road detection using a single camera},
  author={Kikuchi, Itaru and Onoguchi, Kazunori},
  booktitle={17th International IEEE Conference on Intelligent Transportation Systems (ITSC)},
  pages={2247--2248},
  year={2014},
  organization={IEEE}
}
@article{won2017hybridbaro,
  title={HybridBaro: Mining driving routes using barometer sensor of smartphone},
  author={Won, Myounggyu and Mishra, Ashutosh and Son, Sang H},
  journal={IEEE Sensors Journal},
  volume={17},
  number={19},
  pages={6397--6408},
  year={2017},
  publisher={IEEE}
}
@inproceedings{gong2015deel,
  title={DEEL: Detecting elevation of urban roads with smartphones on wheels},
  author={Gong, Yaoming and Zhu, Yanmin and Yu, Jiadi},
  booktitle={2015 12th Annual IEEE International Conference on Sensing, Communication, and Networking (SECON)},
  pages={363--371},
  year={2015},
  organization={IEEE}
}
@inproceedings{li2012azimuth,
  title={Azimuth angle of GPS point and its application in map-matching},
  author={Li, Lan and Liu, Bo and Lai, Yimin and Tang, Xiaochun},
  booktitle={2012 15th International IEEE Conference on Intelligent Transportation Systems},
  pages={796--801},
  year={2012},
  organization={IEEE}
}

@article{gao2017smartphone,
  title={Smartphone-based real time vehicle tracking in indoor parking structures},
  author={Gao, Ruipeng and Zhao, Mingmin and Ye, Tao and Ye, Fan and Wang, Yizhou and Luo, Guojie},
  journal={IEEE Transactions on Mobile Computing},
  volume={16},
  number={7},
  pages={2023--2036},
  year={2017},
  publisher={IEEE}
}

@article{hostettler2014vehicle,
  title={Vehicle tracking based on fusion of magnetometer and accelerometer sensor measurements with particle filtering},
  author={Hostettler, Roland and Djuri{\'c}, Petar M},
  journal={IEEE Transactions on Vehicular Technology},
  volume={64},
  number={11},
  pages={4917--4928},
  year={2014},
  publisher={IEEE}
}

@article{dovisintegration,
  title={Integration of Cooperative GNSS Measurements by Particle Filter},
  author={Dovis, Fabio and Gurrieri, Alessandro}
}

@inproceedings{du2019enhanced,
  title={An enhanced particle filter algorithm with map information for indoor positioning system},
  author={Du, Xiaoqian and Liao, Xuewen and Gao, Zhenzhen and Fan, Ye},
  booktitle={2019 IEEE Global Communications Conference (GLOBECOM)},
  pages={1--6},
  year={2019},
  organization={IEEE}
}

@inproceedings{kandeel2021driver,
  title={Driver Distraction Impact on Road Safety: A Data-driven Simulation Approach},
  author={Kandeel, Amany A and Elbery, Ahmed A and Abbas, Hazem M and Hassanein, Hossam S},
  booktitle={2021 IEEE Global Communications Conference (GLOBECOM)},
  pages={1--6},
  year={2021},
  organization={IEEE}
}

@inproceedings{mobilenetv3,
  title={Searching for mobilenetv3},
  author={Howard, Andrew and Sandler, Mark and Chu, Grace and Chen, Liang-Chieh and Chen, Bo and Tan, Mingxing and Wang, Weijun and Zhu, Yukun and Pang, Ruoming and Vasudevan, Vijay and others},
  booktitle={Proceedings of the IEEE/CVF International Conference on Computer Vision},
  pages={1314--1324},
  year={2019}
}

@inproceedings{mobilenetv2,
  title={Mobilenetv2: Inverted residuals and linear bottlenecks},
  author={Sandler, Mark and Howard, Andrew and Zhu, Menglong and Zhmoginov, Andrey and Chen, Liang-Chieh},
  booktitle={Proceedings of the IEEE conference on computer vision and pattern recognition},
  pages={4510--4520},
  year={2018}
}

@article{howard2017mobilenets,
  title={Mobilenets: Efficient convolutional neural networks for mobile vision applications},
  author={Howard, Andrew G and Zhu, Menglong and Chen, Bo and Kalenichenko, Dmitry and Wang, Weijun and Weyand, Tobias and Andreetto, Marco and Adam, Hartwig},
  journal={arXiv preprint arXiv:1704.04861},
  year={2017}
}

@article{alexnet,
  title={Imagenet classification with deep convolutional neural networks},
  author={Krizhevsky, Alex and Sutskever, Ilya and Hinton, Geoffrey E},
  journal={Advances in neural information processing systems},
  volume={25},
  year={2012}
}

@inproceedings{inceptionv3,
  title={Rethinking the inception architecture for computer vision},
  author={Szegedy, Christian and Vanhoucke, Vincent and Ioffe, Sergey and Shlens, Jon and Wojna, Zbigniew},
  booktitle={Proceedings of the IEEE conference on computer vision and pattern recognition},
  pages={2818--2826},
  year={2016}
}

@inproceedings{hu2018squeeze,
  title={Squeeze-and-excitation networks},
  author={Hu, Jie and Shen, Li and Sun, Gang},
  booktitle={Proceedings of the IEEE conference on computer vision and pattern recognition},
  pages={7132--7141},
  year={2018}
}

@article{xiao2021many,
  title={How Many Bumps in Your City? Personalized Bump Seeker with Mobile Crowdsensing},
  author={Xiao, Xuan and Gao, Ruipeng and Xing, Weiwei and Li, Chi and Liu, Lei},
  journal={IEEE Transactions on Instrumentation and Measurement},
  year={2021},
  publisher={IEEE}
}

@inproceedings{casas2018intentnet,
  title={Intentnet: Learning to predict intention from raw sensor data},
  author={Casas, Sergio and Luo, Wenjie and Urtasun, Raquel},
  booktitle={Conference on Robot Learning},
  pages={947--956},
  year={2018},
  organization={PMLR}
}

@inproceedings{he2016deep,
  title={Deep residual learning for image recognition},
  author={He, Kaiming and Zhang, Xiangyu and Ren, Shaoqing and Sun, Jian},
  booktitle={Proceedings of the IEEE conference on computer vision and pattern recognition},
  pages={770--778},
  year={2016}
}

@article{vit,
  title={An image is worth 16x16 words: Transformers for image recognition at scale},
  author={Dosovitskiy, Alexey and Beyer, Lucas and Kolesnikov, Alexander and Weissenborn, Dirk and Zhai, Xiaohua and Unterthiner, Thomas and Dehghani, Mostafa and Minderer, Matthias and Heigold, Georg and Gelly, Sylvain and others},
  journal={arXiv preprint arXiv:2010.11929},
  year={2020}
}

@inproceedings{zhang2018shufflenet,
  title={Shufflenet: An extremely efficient convolutional neural network for mobile devices},
  author={Zhang, Xiangyu and Zhou, Xinyu and Lin, Mengxiao and Sun, Jian},
  booktitle={Proceedings of the IEEE conference on computer vision and pattern recognition},
  pages={6848--6856},
  year={2018}
}

@article{zhu2018gnss,
  title={GNSS position integrity in urban environments: A review of literature},
  author={Zhu, Ni and Marais, Juliette and B{\'e}taille, David and Berbineau, Marion},
  journal={IEEE Transactions on Intelligent Transportation Systems},
  volume={19},
  number={9},
  pages={2762--2778},
  year={2018},
  publisher={IEEE}
}

@book{hofmann2007gnss,
  title={GNSS--global navigation satellite systems: GPS, GLONASS, Galileo, and more},
  author={Hofmann-Wellenhof, Bernhard and Lichtenegger, Herbert and Wasle, Elmar},
  year={2007},
  publisher={Springer Science \& Business Media}
}

@article{groves2015principles,
  title={Principles of GNSS, inertial, and multisensor integrated navigation systems, [Book review]},
  author={Groves, Paul D},
  journal={IEEE Aerospace and Electronic Systems Magazine},
  volume={30},
  number={2},
  pages={26--27},
  year={2015},
  publisher={IEEE}
}